% SMT

@incollection{barrett2018satisfiability,
  title={Satisfiability modulo theories},
  author={Barrett, Clark and Tinelli, Cesare},
  booktitle={Handbook of Model Checking},
  pages={305--343},
  year={2018},
  publisher={Springer}
}

@book{ganesh2007decision,
  title={Decision procedures for bit-vectors, arrays and integers},
  author={Ganesh, Vijay and Dill, David L},
  volume={68},
  number={09},
  year={2007}
}

@inproceedings{de2008z3,
  title={Z3: An efficient SMT solver},
  author={De Moura, Leonardo and Bj{\o}rner, Nikolaj},
  booktitle={International conference on Tools and Algorithms for the Construction and Analysis of Systems},
  pages={337--340},
  year={2008},
  organization={Springer}
}

% Containers

@article{merkel2014docker,
  title={Docker: lightweight linux containers for consistent development and deployment},
  author={Merkel, Dirk},
  journal={Linux journal},
  volume={2014},
  number={239},
  pages={2},
  year={2014}
}

@article{goldberg1974survey,
  title={Survey of virtual machine research},
  author={Goldberg, Robert P},
  journal={Computer},
  volume={7},
  number={6},
  pages={34--45},
  year={1974},
  publisher={IEEE}
}

% YaML

@article{ben2009yaml,
  title={Yaml ain't markup language (yaml™) version 1.1},
  author={Ben-Kiki, Oren and Evans, Clark and Ingerson, Brian},
  journal={Working Draft 2008-05},
  volume={11},
  year={2009}
}

@inproceedings{sinha2000yaml,
  title={YAML: a tool for hardware design visualization and capture},
  author={Sinha, Vivek and Doucet, Frederic and Siska, Chuck and Gupta, Rajesh and Liao, Stan and Ghosh, Abhijit},
  booktitle={Proceedings 13th International Symposium on System Synthesis},
  pages={9--14},
  year={2000},
  organization={IEEE}
}

% Lattices

@misc{eppsteinlattice,
  title={Lattice Theory and Geometry of Numbers},
  author={Eppstein, D}
}

@book{hammer1977unsolved,
  title={Unsolved problems concerning lattice points},
  author={Hammer, Joseph},
  volume={15},
  year={1977},
  publisher={Pitman Publishing}
}

% Provenance

@inproceedings{muniswamy2006provenance,
  title={Provenance-aware storage systems.},
  author={Muniswamy-Reddy, Kiran-Kumar and Holland, David A and Braun, Uri and Seltzer, Margo I},
  booktitle={Usenix annual technical conference, general track},
  pages={43--56},
  year={2006}
}

@article{carata2014primer,
  title={A primer on provenance},
  author={Carata, Lucian and Akoush, Sherif and Balakrishnan, Nikilesh and Bytheway, Thomas and Sohan, Ripduman and Seltzer, Margo and Hopper, Andy},
  journal={Queue},
  volume={12},
  number={3},
  pages={10--23},
  year={2014},
  publisher={ACM New York, NY, USA}
}

@inproceedings{gehani2012spade,
  title={SPADE: support for provenance auditing in distributed environments},
  author={Gehani, Ashish and Tariq, Dawood},
  booktitle={ACM/IFIP/USENIX International Conference on Distributed Systems Platforms and Open Distributed Processing},
  pages={101--120},
  year={2012},
  organization={Springer}
}

% Federated search

@misc{mukherjee2005system,
  title={System and method for dynamic context-sensitive federated search of multiple information repositories},
  author={Mukherjee, Rajat and Jaffe, Howard},
  year={2005},
  month=jul # "~7",
  publisher={Google Patents},
  note={US Patent App. 10/743,196}
}

@article{shokouhi2011federated,
  title={Federated search”. foundations and trends in information retrieval (ftir)},
  author={Shokouhi, Milad and Si, Luo},
  journal={Foundations and Trends in Information Retrieval},
  year={2011}
}

% Delphi

@inproceedings{sharp2019eidos,
  title={Eidos, INDRA, \& Delphi: From free text to executable causal models},
  author={Sharp, Rebecca and Pyarelal, Adarsh and Gyori, Benjamin and Alcock, Keith and Laparra, Egoitz and Valenzuela-Esc{\'a}rcega, Marco A and Nagesh, Ajay and Yadav, Vikas and Bachman, John and Tang, Zheng and others},
  booktitle={Proceedings of the 2019 Conference of the North American Chapter of the Association for Computational Linguistics (Demonstrations)},
  pages={42--47},
  year={2019}
}

% Models

@article{haileselassie2016exploring,
  title={Exploring optimal farm resources management strategy for Quncho-teff (Eragrostis tef (Zucc.) Trotter) using AquaCrop model},
  author={Haileselassie, Hailay and Araya, A and Habtu, Solomon and Meles, Kiros Gebretsadkan and Gebru, Girmay and Kisekka, Isaya and Girma, Atkilt and Hadgu, Kiros Meles and Foster, AJ},
  journal={Agricultural Water Management},
  volume={178},
  pages={148--158},
  year={2016},
  publisher={Elsevier}
}

@article{keating2003overview,
  title={An overview of APSIM, a model designed for farming systems simulation},
  author={Keating, Brian A and Carberry, Peter S and Hammer, Graeme L and Probert, Mervyn E and Robertson, Michael J and Holzworth, D and Huth, Neil I and Hargreaves, John NG and Meinke, Holger and Hochman, Zvi and others},
  journal={European journal of agronomy},
  volume={18},
  number={3-4},
  pages={267--288},
  year={2003},
  publisher={Elsevier}
}

@article{meier2019crop,
  title={Crop Livestock Enterprise Model (CLEM)--a tool to support decision-making at the whole-farm scale},
  author={Meier, Elizabeth and Prestwidge, Di and Liedloff, Adam and Verrall, Shaun and Traill, Skye and Stower, Mike},
  year={2019}
}

@article{jones2003dssat,
  title={The DSSAT cropping system model},
  author={Jones, James W and Hoogenboom, Gerrit and Porter, Cheryl H and Boote, Ken J and Batchelor, William D and Hunt, LA and Wilkens, Paul W and Singh, Upendra and Gijsman, Arjan J and Ritchie, Joe T},
  journal={European journal of agronomy},
  volume={18},
  number={3-4},
  pages={235--265},
  year={2003},
  publisher={Elsevier}
}

@inproceedings{campos2019coupled,
  title={A Coupled Food Security and Refugee Movement Model for the South Sudan Conflict},
  author={Campos, Christian Vanhille and Suleimenova, Diana and Groen, Derek},
  booktitle={International Conference on Computational Science},
  pages={725--732},
  year={2019},
  organization={Springer}
}

@article{funk2015climate,
  title={The climate hazards infrared precipitation with stations—a new environmental record for monitoring extremes},
  author={Funk, Chris and Peterson, Pete and Landsfeld, Martin and Pedreros, Diego and Verdin, James and Shukla, Shraddhanand and Husak, Gregory and Rowland, James and Harrison, Laura and Hoell, Andrew and others},
  journal={Scientific data},
  volume={2},
  number={1},
  pages={1--21},
  year={2015},
  publisher={Nature Publishing Group}
}

@article{heslin2020simulating,
  title={Simulating the cascading effects of an extreme agricultural production shock: global implications of a contemporary US Dust Bowl event},
  author={Heslin, Alison and Puma, Michael J and Marchand, Philippe and Carr, Joel A and Dell'Angelo, Jampel and D'Odorico, Paolo and Gephart, Jessica A and Kummu, Matti and Porkka, Miina and Rulli, Maria Cristina and others},
  journal={Frontiers in Sustainable Food Systems},
  volume={4},
  pages={26},
  year={2020},
  publisher={Frontiers}
}

% Topoflow

@article{badham2019effective,
  title={Effective modeling for Integrated Water Resource Management: a guide to contextual practices by phases and steps and future opportunities},
  author={Badham, Jennifer and Elsawah, Sondoss and Guillaume, Joseph HA and Hamilton, Serena H and Hunt, Randall J and Jakeman, Anthony J and Pierce, Suzanne A and Snow, Valerie O and Babbar-Sebens, Meghna and Fu, Baihua and others},
  journal={Environmental modelling \& software},
  volume={116},
  pages={40--56},
  year={2019},
  publisher={Elsevier}
}

@article{peckham2017reproducible,
  title={Reproducible, component-based modeling with TopoFlow, a spatial hydrologic modeling toolkit},
  author={Peckham, Scott D and Stoica, Maria and Jafarov, Elchin and Endalamaw, Abraham and Bolton, W Robert},
  journal={Earth and Space Science},
  volume={4},
  number={6},
  pages={377--394},
  year={2017},
  publisher={Wiley Online Library}
}

@article{peckham2016towards,
  title={Towards uncertainty quantification and parameter estimation for Earth system models in a component-based modeling framework},
  author={Peckham, Scott D and Kelbert, Anna and Hill, Mary C and Hutton, Eric WH},
  journal={Computers \& Geosciences},
  volume={90},
  pages={152--161},
  year={2016},
  publisher={Elsevier}
}

% Jupyter notebooks

@inproceedings{kluyver2016jupyter,
  title={Jupyter Notebooks-a publishing format for reproducible computational workflows.},
  author={Kluyver, Thomas and Ragan-Kelley, Benjamin and P{\'e}rez, Fernando and Granger, Brian E and Bussonnier, Matthias and Frederic, Jonathan and Kelley, Kyle and Hamrick, Jessica B and Grout, Jason and Corlay, Sylvain and others},
  booktitle={ELPUB},
  pages={87--90},
  year={2016}
}

% Emulation

@book{sangiorgi2011introduction,
  title={Introduction to bisimulation and coinduction},
  author={Sangiorgi, Davide},
  year={2011},
  publisher={Cambridge University Press}
}

@misc{milner1989communication,
  title={Communication and Concurrency},
  author={Milner, R},
  year={1989},
  publisher={Prentice-Hall, Inc.}
}

@book{conn2009introduction,
  title={Introduction to derivative-free optimization},
  author={Conn, Andrew R and Scheinberg, Katya and Vicente, Luis N},
  volume={8},
  year={2009},
  publisher={Siam}
}

@misc{audet2016blackbox,
  title={Blackbox and derivative-free optimization: theory, algorithms and applications},
  author={Audet, Charles and Kokkolaras, Michael},
  year={2016},
  publisher={Springer}
}

@article{torczon1997convergence,
  title={On the convergence of pattern search algorithms},
  author={Torczon, Virginia},
  journal={SIAM Journal on optimization},
  volume={7},
  number={1},
  pages={1--25},
  year={1997},
  publisher={SIAM}
}

@article{dolan2003local,
  title={On the local convergence of pattern search},
  author={Dolan, Elizabeth D and Lewis, Robert Michael and Torczon, Virginia},
  journal={SIAM Journal on Optimization},
  volume={14},
  number={2},
  pages={567--583},
  year={2003},
  publisher={SIAM}
}

@article{powell1973search,
  title={On search directions for minimization algorithms},
  author={Powell, Michael JD},
  journal={Mathematical programming},
  volume={4},
  number={1},
  pages={193--201},
  year={1973},
  publisher={Springer}
}

@article{mckinnon1998convergence,
  title={Convergence of the Nelder--Mead Simplex Method to a Nonstationary Point},
  author={McKinnon, Ken IM},
  journal={SIAM Journal on optimization},
  volume={9},
  number={1},
  pages={148--158},
  year={1998},
  publisher={SIAM}
}

% Transforms

@inproceedings{wu2014minimizing,
  title={Minimizing user effort in transforming data by example},
  author={Wu, Bo and Szekely, Pedro and Knoblock, Craig A},
  booktitle={Proceedings of the 19th international conference on Intelligent User Interfaces},
  pages={317--322},
  year={2014}
}

@inproceedings{wu2012learning,
  title={Learning data transformation rules through examples: Preliminary results},
  author={Wu, Bo and Szekely, Pedro and Knoblock, Craig A},
  booktitle={Proceedings of the Ninth International Workshop on Information Integration on the Web},
  pages={1--6},
  year={2012}
}

@inproceedings{jaffar1987constraint,
  title={Constraint logic programming},
  author={Jaffar, Joxan and Lassez, J-L},
  booktitle={Proceedings of the 14th ACM SIGACT-SIGPLAN symposium on Principles of programming languages},
  pages={111--119},
  year={1987}
}

@book{rossi2006handbook,
  title={Handbook of constraint programming},
  author={Rossi, Francesca and Van Beek, Peter and Walsh, Toby},
  year={2006},
  publisher={Elsevier}
}

% PIHM

@article{shi2013development,
  title={Development of a coupled land surface hydrologic model and evaluation at a critical zone observatory},
  author={Shi, Yuning and Davis, Kenneth J and Duffy, Christopher J and Yu, Xuan},
  journal={Journal of Hydrometeorology},
  volume={14},
  number={5},
  pages={1401--1420},
  year={2013}
}

% Kimetrica

@inproceedings{min2019towards,
  title={Towards Machine Reading for Interventions from Humanitarian-Assistance Program Literature},
  author={Min, Bonan and Chan, Yee Seng and Qiu, Haoling and Fasching, Joshua},
  booktitle={Proceedings of the 2019 Conference on Empirical Methods in Natural Language Processing and the 9th International Joint Conference on Natural Language Processing (EMNLP-IJCNLP)},
  pages={6445--6449},
  year={2019}
}

@inproceedings{ciregan2012multi,
  title={Multi-column deep neural networks for image classification},
  author={Ciregan, Dan and Meier, Ueli and Schmidhuber, J{\"u}rgen},
  booktitle={2012 IEEE conference on computer vision and pattern recognition},
  pages={3642--3649},
  year={2012},
  organization={IEEE}
}